<?xml version="1.0" encoding="UTF-8"?><collection xmlns="http://www.loc.gov/MARC21/slim"><record><leader>00407nam--2200145-i-4500</leader><controlfield tag="001">000004837</controlfield><controlfield tag="002">20161230</controlfield><controlfield tag="005">20161230201026</controlfield><controlfield tag="008">060222s1000------------r-----000-0-eng-d</controlfield><datafield ind1=" " ind2=" " tag="080"><subfield code="a">519.1:519.283:513.83</subfield></datafield><datafield ind1=" " ind2=" " tag="100"><subfield code="a">Berge, Claude</subfield></datafield><datafield ind1=" " ind2=" " tag="245"><subfield code="a">Theorie des graphes et ses applications</subfield></datafield><datafield ind1=" " ind2=" " tag="260"><subfield code="a">Paris, Dunod,, 1958 Viii + 275 P.+ Fig</subfield></datafield><datafield ind1=" " ind2=" " tag="490"><subfield code="a">Collection Universitaire De Mathematiques</subfield></datafield><datafield ind1=" " ind2=" " tag="852"><subfield code="a">14825</subfield></datafield></record></collection>